<record><leader>02930cam a2200421 i 45 0</leader><controlfield tag="001">6805551</controlfield><controlfield tag="003">OCoLC</controlfield><controlfield tag="005">20150217141040.0</controlfield><controlfield tag="006">m     o  d        </controlfield><controlfield tag="007">cr cnu---unuuu</controlfield><controlfield tag="008">150213s2015    enk     o     001 0 eng d</controlfield><datafield ind1=" " ind2=" " tag="020"><subfield code="a">9781107477612</subfield><subfield code="q">electronic bk.</subfield></datafield><datafield ind1=" " ind2=" " tag="020"><subfield code="a">1107477611</subfield><subfield code="q">electronic bk.</subfield></datafield><datafield ind1=" " ind2=" " tag="020"><subfield code="z">9781107062887</subfield></datafield><datafield ind1=" " ind2=" " tag="020"><subfield code="z">1107062888</subfield></datafield><datafield ind1=" " ind2=" " tag="035"><subfield code="a">ocn903391228</subfield></datafield><datafield ind1=" " ind2=" " tag="039"><subfield code="a">exclude</subfield></datafield><datafield ind1=" " ind2=" " tag="040"><subfield code="a">CAMBR</subfield><subfield code="b">eng</subfield><subfield code="e">rda</subfield><subfield code="e">pn</subfield><subfield code="c">CAMBR</subfield><subfield code="d">AEU</subfield></datafield><datafield ind1=" " ind2="4" tag="050"><subfield code="a">QH541.15.E267</subfield><subfield code="b">.E276 2015eb</subfield></datafield><datafield ind1="0" ind2="4" tag="082"><subfield code="a">577/.1</subfield><subfield code="2">23</subfield></datafield><datafield ind1=" " ind2=" " tag="084"><subfield code="a">NAT038000</subfield><subfield code="2">bisacsh</subfield></datafield><datafield ind1=" " ind2=" " tag="090"><subfield code="a">Internet Access</subfield><subfield code="b">AEU</subfield></datafield><datafield ind1="0" ind2="0" tag="245"><subfield code="a">Ecosystem services :</subfield><subfield code="b">from concept to practice /</subfield><subfield code="c">edited by Jetske A. Bouma, Pieter J. H. van Beukering.</subfield></datafield><datafield ind1=" " ind2="1" tag="264"><subfield code="a">Cambridge, UK ;</subfield><subfield code="a">New York, NY :</subfield><subfield code="b">Cambridge University Press,</subfield><subfield code="c">2015.</subfield></datafield><datafield ind1=" " ind2=" " tag="300"><subfield code="a">1 online resource.</subfield></datafield><datafield ind1=" " ind2=" " tag="336"><subfield code="a">text</subfield><subfield code="b">txt</subfield><subfield code="2">rdacontent</subfield></datafield><datafield ind1=" " ind2=" " tag="337"><subfield code="a">computer</subfield><subfield code="b">c</subfield><subfield code="2">rdamedia</subfield></datafield><datafield ind1=" " ind2=" " tag="338"><subfield code="a">online resource</subfield><subfield code="b">cr</subfield><subfield code="2">rdacarrier</subfield></datafield><datafield ind1=" " ind2=" " tag="506"><subfield code="a">Access restricted to authorized users and institutions.</subfield></datafield><datafield ind1=" " ind2=" " tag="520"><subfield code="a">"Despite the growing popularity of the concept of ecosystem services, policy makers and practitioners continue to struggle with the challenge of translating it into practice. Drawing on a range of interdisciplinary perspectives, this volume takes up the challenge to provide a framework for the effective implementation of simple concepts into complex ecosystem-related decision-making. Addressing the measurement, valuation and governance of ecosystem services, the book is specifically designed to guide students and policy-makers from definitions and measurements to applications in terms of policy instruments and governance arrangements. Each chapter discusses key methodological approaches, illustrating their applications at various scales by drawing on case studies from around the world. Presenting a range of perspectives from across many fields, this text ultimately considers the crucial question of how ecosystem service delivery can be safeguarded for generations to come"--</subfield><subfield code="c">Provided by publisher.</subfield></datafield><datafield ind1=" " ind2=" " tag="520"><subfield code="a">"Ecosystem services are hot, and they have been hot for a while. In 1998, Costanza et al. published their famous article about the societal value produced by ecosystems through ecosystem service delivery, an article which at the time this introduction was written was cited more than 10,000 times. In 2005, the Millennium Ecosystem Assessment (MEA) framed the need to protect biodiversity and the world's ecosystems in terms of ecosystem services (MA 2005)"--</subfield><subfield code="c">Provided by publisher.</subfield></datafield><datafield ind1="0" ind2=" " tag="588"><subfield code="a">Print version record.</subfield></datafield><datafield ind1=" " ind2=" " tag="596"><subfield code="a">44</subfield></datafield><datafield ind1=" " ind2="0" tag="650"><subfield code="a">Ecosystem services.</subfield></datafield><datafield ind1="1" ind2=" " tag="700"><subfield code="a">Bouma, Jetske A.</subfield></datafield><datafield ind1="1" ind2=" " tag="700"><subfield code="a">Beukering, Pieter van.</subfield></datafield><datafield ind1="4" ind2="0" tag="856"><subfield code="3">University of Alberta Access</subfield><subfield code="u">http://dx.doi.org/10.1017/CBO9781107477612</subfield></datafield><datafield ind1=" " ind2=" " tag="926"><subfield code="a">Internet Access</subfield><subfield code="w">LC</subfield><subfield code="c">1</subfield><subfield code="i">6805551-1001</subfield><subfield code="l">INTERNET</subfield><subfield code="m">UAINTERNET</subfield><subfield code="r">Y</subfield><subfield code="s">Y</subfield><subfield code="t">E-RESOURCE</subfield><subfield code="u">2/17/2015</subfield><subfield code="x">E-BOOK</subfield><subfield code="z">CBO</subfield></datafield></record>